<record><leader>00000cas a22000007a 4500</leader><controlfield tag="001">13206813</controlfield><controlfield tag="008">860227d19451956pauwr ne      0    0eng d</controlfield><datafield ind1=" " ind2=" " tag="010"><subfield code="a">sn 86081147 </subfield></datafield><datafield ind1=" " ind2=" " tag="040"><subfield code="a">NPH</subfield><subfield code="b">eng</subfield><subfield code="c">NPH</subfield><subfield code="d">OCLCQ</subfield></datafield><datafield ind1=" " ind2=" " tag="042"><subfield code="a">msc</subfield></datafield><datafield ind1="0" ind2="0" tag="245"><subfield code="a">Elkland journal and Cowanesque Valley news.</subfield></datafield><datafield ind1=" " ind2=" " tag="260"><subfield code="a">Elkland, Pa. :</subfield><subfield code="b">D. Lee Stoddard,</subfield><subfield code="c">1945-1956.</subfield></datafield><datafield ind1=" " ind2=" " tag="300"><subfield code="a">11 v. :</subfield><subfield code="b">ill. ;</subfield><subfield code="c">55 cm.</subfield></datafield><datafield ind1=" " ind2=" " tag="310"><subfield code="a">Weekly</subfield></datafield><datafield ind1="0" ind2=" " tag="362"><subfield code="a">Sixty-eighth yr., no. 1 (Dec. 6, 1945)-eightieth yr., no. 13 (Mar. 29, 1956).</subfield></datafield><datafield ind1=" " ind2=" " tag="500"><subfield code="a">Published every Thursday.</subfield></datafield><datafield ind1=" " ind2=" " tag="500"><subfield code="a">"Devoted to the interests of the Cowanesque Valley and adjacent territory."</subfield></datafield><datafield ind1=" " ind2=" " tag="752"><subfield code="a">United States</subfield><subfield code="b">Pennsylvania</subfield><subfield code="c">Tioga</subfield><subfield code="d">Elkland.</subfield></datafield><datafield ind1="0" ind2="4" tag="780"><subfield code="t">Elkland journal (Elkland, Pa. : 1876)</subfield><subfield code="w">(DLC)sn 86081148</subfield></datafield><datafield ind1="0" ind2="4" tag="785"><subfield code="t">Cowanesque Valley news</subfield><subfield code="w">(DLC)sn 86081149</subfield></datafield><datafield ind1="0" ind2="0" tag="785"><subfield code="t">Elkland journal (Elkland, Pa. : 1956)</subfield><subfield code="w">(DLC)sn 86081146</subfield></datafield></record>